<?xml version="1.0" encoding="UTF-8"?><record xmlns="http://www.loc.gov/MARC21/slim" xmlns:cinclude="http://apache.org/cocoon/include/1.0" xmlns:zs="http://www.loc.gov/zing/srw/">
  <leader>00769cz  a2200157n  4500</leader>
  <controlfield tag="001">n  92802665 </controlfield>
  <controlfield tag="003">DLC</controlfield>
  <controlfield tag="005">20070702164318.0</controlfield>
  <controlfield tag="008">920605n| acannaab|          |n aaa ||| b</controlfield>
  <datafield tag="010" ind1=" " ind2=" ">
    <subfield code="a">n  92802665 </subfield>
  </datafield>
  <datafield tag="035" ind1=" " ind2=" ">
    <subfield code="a">(Uk)002877976</subfield>
  </datafield>
  <datafield tag="040" ind1=" " ind2=" ">
    <subfield code="a">DNLM</subfield>
    <subfield code="c">DLC</subfield>
    <subfield code="d">DLC</subfield>
    <subfield code="d">Uk</subfield>
  </datafield>
  <datafield tag="100" ind1="1" ind2=" ">
    <subfield code="a">Kogel, Helmut Christian</subfield>
  </datafield>
  <datafield tag="670" ind1=" " ind2=" ">
    <subfield code="a">The Prosthetic substitution of blood vessels, c1991:</subfield>
    <subfield code="b">t.p. (Helmut Christian Kogel) t.p. verso (MD, Abteiling fuĚr Gef ass-, Thorax- und Herzchirurgie, Klinikum der Universit at Ulm, Ulm)</subfield>
  </datafield>
  <datafield tag="670" ind1=" " ind2=" ">
    <subfield code="a">Kobudo bo-jutsu, 2006:</subfield>
    <subfield code="b">t.p. (Helmut Kogel) back cover (professor at the Univ. of Ulm, Germany)</subfield>
  </datafield>
  <datafield tag="670" ind1=" " ind2=" ">
    <subfield code="a">Okinawa karate news, c2005:</subfield>
    <subfield code="b">p.[3] (Helmut Kogel, aged 56, professor of surgery teaching at Univ. of Ulm in Germany; first studied martial arts in 1972)</subfield>
  </datafield>
</record>